<record><leader>00000cas a22000007a 4500</leader><controlfield tag="001">15619041</controlfield><controlfield tag="008">870501d19061912wiuwr ne      0    0ger d</controlfield><datafield ind1=" " ind2=" " tag="010"><subfield code="a">sn 87082455 </subfield></datafield><datafield ind1=" " ind2=" " tag="040"><subfield code="a">NPV</subfield><subfield code="b">eng</subfield><subfield code="c">NPV</subfield><subfield code="d">OCLCQ</subfield></datafield><datafield ind1=" " ind2=" " tag="042"><subfield code="a">msc</subfield></datafield><datafield ind1="0" ind2="4" tag="245"><subfield code="a">Der Sonntagsbote.</subfield></datafield><datafield ind1="3" ind2="0" tag="246"><subfield code="a">Seebote und der Sonntagsbote</subfield></datafield><datafield ind1="3" ind2="0" tag="246"><subfield code="a">Wisconsin Banner und Volksfreund und der Sonntagsbote</subfield></datafield><datafield ind1="3" ind2="0" tag="246"><subfield code="a">Sonntagsbote und Wisconsin Banner und Volksfreund</subfield></datafield><datafield ind1=" " ind2=" " tag="260"><subfield code="a">Milwaukee, Wis. :</subfield><subfield code="b">[P.V. Deuster Co.],</subfield><subfield code="c">1906-1912.</subfield></datafield><datafield ind1=" " ind2=" " tag="300"><subfield code="a">v.</subfield></datafield><datafield ind1=" " ind2=" " tag="310"><subfield code="a">Weekly</subfield></datafield><datafield ind1="0" ind2=" " tag="362"><subfield code="a">1. Jahrg. no. 1 (11. Ma&#776;rz 1906); 62. Jahrg., no. 22 (18. Ma&#776;rz 1906)-68. Jahrg., no. 16 (30. Juni 1912).</subfield></datafield><datafield ind1=" " ind2=" " tag="500"><subfield code="a">Title varies: Wisconsin Banner und Volksfreund und der Sonntagsbote, Sept. 18, 1910-Sept. 25, 1910.</subfield></datafield><datafield ind1=" " ind2=" " tag="580"><subfield code="a">Issued also in a weekly edition called: Seebote.</subfield></datafield><datafield ind1=" " ind2=" " tag="752"><subfield code="a">United States</subfield><subfield code="b">Wisconsin</subfield><subfield code="c">Milwaukee</subfield><subfield code="d">Milwaukee.</subfield></datafield><datafield ind1=" " ind2=" " tag="752"><subfield code="a">United States</subfield><subfield code="b">Wisconsin</subfield><subfield code="c">Washington</subfield><subfield code="d">Milwaukee.</subfield></datafield><datafield ind1="1" ind2=" " tag="775"><subfield code="t">Seebote (Milwaukee, Wis. : 1875 : Weekly)</subfield><subfield code="w">(DLC)sn 85033198</subfield></datafield><datafield ind1="0" ind2="0" tag="785"><subfield code="t">Sonntagsbote und der Seebote</subfield><subfield code="w">(DLC)sn 87082456</subfield></datafield></record>